@article{xsede,
 author = {J. Towns and T. Cockerill and M. Dahan and I. Foster and K. Gaither and A. Grimshaw and V. Hazlewood and S. Lathrop and D. Lifka and G. D. Peterson and R. Roskies and J. R. Scott and N. Wilkins-Diehr},
 journal = {Computing in Science and Engineering},
 keywords = {Knowledge discovery;Scientific computing;Digital systems;Materials engineering;Supercomputers},
 month = {Sept.-Oct.},
 number = {5},
 pages = {62-74},
 title = {XSEDE: Accelerating Scientific Discovery},
 volume = {16},
 year = {2014}
}