@misc{eia,
  title={U.{S}. {E}nergy {I}nformation {A}dministration},
  howpublished = "\url{https://www.eia.gov/totalenergy/}",
}

@misc{renewable,
  title={{U.S. Renewable Energy Factsheet}},
  howpublished = "\url{http://css.umich.edu/factsheets/us-renewable-energy-factsheet}",
}

@article{mccrory2015,
  title={{Benchmarking Hydrogen Evolving Reaction and Oxygen Evolving Reaction Electrocatalysts for Solar Water Splitting Devices}},
  author={McCrory, Charles CL and Jung, Suho and Ferrer, Ivonne M and Chatman, Shawn M and Peters, Jonas C and Jaramillo, Thomas F},
  journal={Journal of the American Chemical Society},
  volume={137},
  number={13},
  pages={4347--4357},
  year={2015},
  publisher={ACS Publications}
}

@article{huang2019,
  title={{Modeling Corrosion with First-Principles Electrochemical Phase Diagrams}},
  author={Huang, Liang-Feng and Scully, John R and Rondinelli, James M},
  journal={Annual Review of Materials Research},
  volume={49},
  year={2019},
  publisher={Annual Reviews}
}

@article{wang2018,
  title={{Review on Modeling of the Anode Solid Electrolyte Interphase (SEI) for Lithium-Ion Batteries}},
  author={Wang, Aiping and Kadam, Sanket and Li, Hong and Shi, Siqi and Qi, Yue},
  journal={npj Computational Materials},
  volume={4},
  number={1},
  pages={15},
  year={2018},
  publisher={Nature Publishing Group}
}

@misc{quantum,
 title={Quantum Information Science},
 howpublished = "\url{https://www.energy.gov/science/initiatives/quantum-information-science}"
}

@article{PING2017JCP,
  title={First-principles electrostatic potentials for reliable alignment at interfaces and defects},
  author={Sundararaman, Ravishankar and Ping, Yuan},
  journal={The Journal of Chemical Physics},
  volume={146},
  number={10},
  pages={104109},
  year={2017},
  publisher={AIP Publishing LLC}
}

@article{Ping2013,
  title = {Optical Properties of Tungsten Trioxide from First-Principles Calculations},
  author = {Ping, Yuan and Rocca, Dario and Galli, Giulia},
  journal = {Physical Review B},
  volume = {87},
  issue = {16},
  pages = {165203},
  numpages = {8},
  year = {2013},
  month = {Apr},
  publisher = {American Physical Society},
}

@article{JDFTx,
 author = {Ravishankar Sundararaman and Kendra Letchworth-Weaver and Kathleen A. Schwarz and Deniz Gunceler and Yalcin Ozhabes and T.A. Arias},
 journal = {SoftwareX},
 keywords = {Density functional theory, Electronic structure, Solvation, Electrochemistry, Light-matter interactions},
 pages = {278 - 284},
 title = {{JDFTx:} Software for Joint Density-Functional Theory},
 volume = {6},
 year = {2017}
}

@article{gbrv,
  title={Pseudopotentials for high-throughput DFT calculations},
  author={Garrity, Kevin F and Bennett, Joseph W and Rabe, Karin M and Vanderbilt, David},
  journal={Computational Materials Science},
  volume={81},
  pages={446--452},
  year={2014},
  publisher={Elsevier}
}

@article{ONCV1,
 abstract = {Fully nonlocal two-projector norm-conserving pseudopotentials are shown to be compatible with a systematic approach to the optimization of convergence with the size of the plane-wave basis. A reformulation of the optimization is developed, including the ability to apply it to positive-energy atomic scattering states and to enforce greater continuity in the pseudopotential. The generalization of norm conservation to multiple projectors is reviewed and recast for the present purposes. Comparisons among the results of all-electron and one- and two-projector norm-conserving pseudopotential calculations of lattice constants and bulk moduli are made for a group of solids chosen to represent a variety of types of bonding and a sampling of the periodic table.},
 author = {Hamann, D. R.},
 eprinthidden = {1306.4707},
 journal = {Physical Review B},
 month = {aug},
 number = {8},
 pages = {085117},
 publisher = {American Physical Society},
 title = {{Optimized Norm-Conserving Vanderbilt Pseudopotentials}},
 volume = {88},
 year = {2013}
}

@article{ONCV2,
 abstract = {We present an optimization algorithm to construct pseudopotentials and use it to generate a set of Optimized Norm-Conserving Vanderbilt (ONCV) pseudopotentials for elements up to Z=83 (Bi) (excluding Lanthanides). We introduce a quality function that assesses the agreement of a pseudopotential calculation with all-electron FLAPW results, and the necessary plane-wave energy cutoff. This quality function allows us to use a Nelder--Mead optimization algorithm on a training set of materials to optimize the input parameters of the pseudopotential construction for most of the periodic table. We control the accuracy of the resulting pseudopotentials on a test set of materials independent of the training set. We find that the automatically constructed pseudopotentials (http://www.quantum-simulation.org) provide a good agreement with the all-electron results obtained using the FLEUR code with a plane-wave energy cutoff of approximately 60 Ry.},
 author = {Schlipf, Martin and Gygi, Fran{\c{c}}ois},
 journal = {Computer Physics Communications},
 pages = {36--44},
 title = {{Optimization Algorithm for the Generation of ONCV Pseudopotentials}},
 volume = {196},
 year = {2015}
}

@article{QE1,
 abstract = {QUANTUM ESPRESSO is an integrated suite of computer codes for electronic-structure calculations and materials modeling, based on density-functional theory, plane waves, and pseudopotentials (norm-conserving, ultrasoft, and projector-augmented wave). The acronym ESPRESSO stands for opEn Source Package for Research in Electronic Structure, Simulation, and Optimization. It is freely available to researchers around the world under the terms of the GNU General Public License. QUANTUM ESPRESSO builds upon newly-restructured electronic-structure codes that have been developed and tested by some of the original authors of novel electronic-structure algorithms and applied in the last twenty years by some of the leading materials modeling groups worldwide. Innovation and efficiency are still its main focus, with special attention paid to massively parallel architectures, and a great effort being devoted to user friendliness. QUANTUM ESPRESSO is evolving towards a distribution of independent and interoperable codes in the spirit of an open-source project, where researchers active in the field of electronic-structure calculations are encouraged to participate in the project by contributing their own codes or by implementing their own ideas into existing codes.},
 author = {Giannozzi, Paolo and Baroni, Stefano and Bonini, Nicola and Calandra, Matteo and Car, Roberto and Cavazzoni, Carlo and Ceresoli, Davide and Chiarotti, Guido L and Cococcioni, Matteo and Dabo, Ismaila and {Dal Corso}, Andrea and de Gironcoli, Stefano and Fabris, Stefano and Fratesi, Guido and Gebauer, Ralph and Gerstmann, Uwe and Gougoussis, Christos and Kokalj, Anton and Lazzeri, Michele and Martin-Samos, Layla and Marzari, Nicola and Mauri, Francesco and Mazzarello, Riccardo and Paolini, Stefano and Pasquarello, Alfredo and Paulatto, Lorenzo and Sbraccia, Carlo and Scandolo, Sandro and Sclauzero, Gabriele and Seitsonen, Ari P and Smogunov, Alexander and Umari, Paolo and Wentzcovitch, Renata M},
 journal = {Journal of Physics: Condensed Matter},
 month = {sep},
 number = {39},
 pages = {395502},
 title = {{QUANTUM ESPRESSO: A Modular and Open-Source Software Project for Quantum Simulations of Materials.}},
 volume = {21},
 year = {2009}
}

@article{xsede,
 author = {J. Towns and T. Cockerill and M. Dahan and I. Foster and K. Gaither and A. Grimshaw and V. Hazlewood and S. Lathrop and D. Lifka and G. D. Peterson and R. Roskies and J. R. Scott and N. Wilkins-Diehr},
 journal = {Computing in Science and Engineering},
 keywords = {Knowledge discovery;Scientific computing;Digital systems;Materials engineering;Supercomputers},
 month = {Sept.-Oct.},
 number = {5},
 pages = {62-74},
 title = {XSEDE: Accelerating Scientific Discovery},
 volume = {16},
 year = {2014}
}

@article{YAMBO,
 author = {Andrea Marini and Conor Hogan and Myrta Gr√ºning and Daniele Varsano},
 journal = {Computer Physics Communications},
 keywords = {Electronic structure, Optical properties, Excitons, Quasiparticles},
 number = {8},
 pages = {1392 - 1403},
 title = {Yambo: An Ab Initio Tool for Excited State Calculations},
 volume = {180},
 year = {2009}
}

@article{kokott2018first,
  title={First-principles supercell calculations of small polarons with proper account for long-range polarization effects},
  author={Kokott, Sebastian and Levchenko, Sergey V and Rinke, Patrick and Scheffler, Matthias},
  journal={New Journal of Physics},
  volume={20},
  number={3},
  pages={033023},
  year={2018},
  publisher={IOP Publishing}
}

% exp O2 binding energy = - 5.23
@article{wang2006oxidation,
  title={Oxidation energies of transition metal oxides within the GGA+ U framework},
  author={Wang, Lei and Maxisch, Thomas and Ceder, Gerbrand},
  journal={Physical Review B},
  volume={73},
  number={19},
  pages={195107},
  year={2006},
  publisher={APS}
}

% hematite eps_r = 22.9
@article{onari1977infrared,
  title={Infrared lattice vibrations and dielectric dispersion in $\alpha$- $\mathrm{Fe_2O_3}$},
  author={Onari, Seinosuke and Arai, Toshihiro and Kudo, Keiei},
  journal={Physical Review B},
  volume={16},
  number={4},
  pages={1717},
  year={1977},
  publisher={APS}
}

@article{smart2018fundamental,
  title={Fundamental Principles for Calculating Charged Defect Ionization Energies in Ultrathin Two-Dimensional Materials},
  author={Smart, Tyler J and Wu, Feng and Govoni, Marco and Ping, Yuan},
  journal={Physical Review Materials},
  volume={2},
  number={12},
  pages={124002},
  year={2018},
  publisher={APS}
}


@article{smart2017effect,
  title={Effect of Defects on the Small Polaron Formation and Transport Properties of Hematite from First-Principles Calculations},
  author={Smart, Tyler J and Ping, Yuan},
  journal={Journal of Physics: Condensed Matter},
  volume={29},
  number={39},
  pages={394006},
  year={2017},
  publisher={IOP Publishing}
}

@article{smart2019optical,
  title={Optical absorption induced by small polaron formation in transition metal oxides: The case of Co 3 O 4},
  author={Smart, Tyler J and Pham, Tuan Anh and Ping, Yuan and Ogitsu, Tadashi},
  journal={Physical Review Materials},
  volume={3},
  number={10},
  pages={102401},
  year={2019},
  publisher={APS}
}

% doping TMOs
@article{smart2018mechanistic,
  title={Mechanistic insights of enhanced spin polaron conduction in CuO through atomic doping},
  author={Smart, Tyler J and Cardiel, Allison C and Wu, Feng and Choi, Kyoung-Shin and Ping, Yuan},
  journal={npj Computational Materials},
  volume={4},
  number={1},
  pages={1--8},
  year={2018},
  publisher={Nature Publishing Group}
}

@article{zhou2020interstitial,
  title={Interstitial Lithium Doping in BiVO4 Thin Film Photoanode for Enhanced Solar Water Splitting Activity},
  author={Zhou, Chenyu and Sanders-Bellis, Zachary and Smart, Tyler J and Zhang, Wenrui and Zhang, Lihua and Ping, Yuan and Liu, Mingzhao},
  journal={Chemistry of Materials},
  volume={32},
  number={15},
  pages={6401--6409},
  year={2020},
  publisher={ACS Publications}
}

@article{lee2020electrochemical,
  title={Electrochemical Oxidation of Metal--Catechol Complexes as a New Synthesis Route to the High-Quality Ternary Photoelectrodes: A Case Study of Fe2TiO5 Photoanodes},
  author={Lee, Dongho and Baltazar, Valentin Urena and Smart, Tyler J and Ping, Yuan and Choi, Kyoung-Shin},
  journal={ACS Applied Materials \& Interfaces},
  volume={12},
  number={26},
  pages={29275--29284},
  year={2020},
  publisher={ACS Publications}
}

@article{wheeler2019combined,
  title={Combined Theoretical and Experimental Investigations of Atomic Doping To Enhance Photon Absorption and Carrier Transport of LaFeO3 Photocathodes},
  author={Wheeler, Garrett P and Baltazar, Valentin Urena and Smart, Tyler J and Radmilovic, Andjela and Ping, Yuan and Choi, Kyoung-Shin},
  journal={Chemistry of Materials},
  volume={31},
  number={15},
  pages={5890--5899},
  year={2019},
  publisher={ACS Publications}
}

@article{radmilovic2020combined,
  title={Combined Experimental and Theoretical Investigations of n-Type BiFeO3 for Use as a Photoanode in a Photoelectrochemical Cell},
  author={Radmilovic, Andjela and Smart, Tyler J and Ping, Yuan and Choi, Kyoung-Shin},
  journal={Chemistry of Materials},
  volume={32},
  number={7},
  pages={3262--3270},
  year={2020},
  publisher={ACS Publications}
}

% feng's BVO papers
@article{wu2018combining,
  title={Combining Landau--Zener Theory and Kinetic Monte Carlo Sampling for Small Polaron Mobility of Doped $\mathrm{BiVO_4}$ from First-Principles},
  author={Wu, Feng and Ping, Yuan},
  journal={Journal of Materials Chemistry A},
  volume={6},
  number={41},
  pages={20025--20036},
  year={2018},
  publisher={Royal Society of Chemistry}
}

@article{zhang2018unconventional,
  title={Unconventional Relation Between Charge Transport and Photocurrent via Boosting Small Polaron Hopping for Photoelectrochemical Water Splitting},
  author={Zhang, Wenrui and Wu, Feng and Li, Jun and Yan, Danhua and Tao, Jing and Ping, Yuan and Liu, Mingzhao},
  journal={ACS Energy Letters},
  volume={3},
  number={9},
  pages={2232--2239},
  year={2018},
  publisher={ACS Publications}
}

@article{seo2018role,
  title={Role of Point Defects in Enhancing the Conductivity of $\mathrm{BiVO_4}$},
  author={Seo, Hosung and Ping, Yuan and Galli, Giulia},
  journal={Chemistry of Materials},
  volume={30},
  number={21},
  pages={7793--7802},
  year={2018},
  publisher={ACS Publications}
}

@article{kim2015simultaneous,
  title={Simultaneous Enhancements in Photon Absorption and Charge Transport of Bismuth Vanadate Photoanodes for solar water splitting},
  author={Kim, Tae Woo and Ping, Yuan and Galli, Giulia A and Choi, Kyoung-Shin},
  journal={Nature Communications},
  volume={6},
  pages={8769},
  year={2015},
  publisher={Nature Publishing Group}
}

@article{ping20132electronic,
  title={Electronic Excitations in Light Absorbers for Photoelectrochemical Energy Conversion: First Principles Calculations Based on Many Body Perturbation Theory},
  author={Ping, Yuan and Rocca, Dario and Galli, Giulia},
  journal={Chemical Society Reviews},
  volume={42},
  number={6},
  pages={2437--2469},
  year={2013},
  publisher={Royal Society of Chemistry}
}

@article{dudarev1998electron,
  title={Electron-Energy-Loss Spectra and the Structural Stability of Nickel Oxide: An LSDA+U Study},
  author={Dudarev, SL and Botton, GA and Savrasov, SY and Humphreys, CJ and Sutton, AP},
  journal={Physical Review B},
  volume={57},
  number={3},
  pages={1505},
  year={1998},
  publisher={APS}
}

% group IV and XIV doping from first principles
@article{zhou2019silicon,
  title={Why Silicon Doping Accelerates Electron Polaron Diffusion in Hematite},
  author={Zhou, Zhaohui and Long, Run and Prezhdo, Oleg V},
  journal={Journal of the American Chemical Society},
  volume={141},
  number={51},
  pages={20222--20233},
  year={2019},
  publisher={ACS Publications}
}

@article{zhou2015understanding,
  title={Understanding hematite doping with group IV elements: a DFT+ U study},
  author={Zhou, Zhaohui and Huo, Pengju and Guo, Liejin and Prezhdo, Oleg V},
  journal={The Journal of Physical Chemistry C},
  volume={119},
  number={47},
  pages={26303--26310},
  year={2015},
  publisher={ACS Publications}
}

@article{liao2011electron,
  title={Electron transport in pure and doped hematite},
  author={Liao, Peilin and Toroker, Maytal Caspary and Carter, Emily A},
  journal={Nano Letters},
  volume={11},
  number={4},
  pages={1775--1781},
  year={2011},
  publisher={ACS Publications}
}

@article{freysoldt2014first,
  title={First-principles calculations for point defects in solids},
  author={Freysoldt, Christoph and Grabowski, Blazej and Hickel, Tilmann and Neugebauer, J{\"o}rg and Kresse, Georg and Janotti, Anderson and Van de Walle, Chris G},
  journal={Reviews of Modern Physics},
  volume={86},
  number={1},
  pages={253},
  year={2014},
  publisher={APS}
}

% other hematite
@article{lee2013thermodynamics,
  title={Thermodynamics of native point defects in $\alpha$-$\mathrm{Fe_2O_3}$: an ab initio study},
  author={Lee, Joohee and Han, Seungwu},
  journal={Physical Chemistry Chemical Physics},
  volume={15},
  number={43},
  pages={18906--18914},
  year={2013},
  publisher={Royal Society of Chemistry}
}

@article{dieckmann1993point,
  title={Point defects and transport in haematite ($\mathrm{Fe_2O_3}$-$\varepsilon$)},
  author={Dieckmann, R{\"u}diger},
  journal={Philosophical Magazine A},
  volume={68},
  number={4},
  pages={725--745},
  year={1993},
  publisher={Taylor \& Francis}
}

@article{nabi2010magnetic,
  title={Magnetic coupling parameters at an oxide-oxide interface from first principles: $\mathrm{Fe_2O_3}$-$\mathrm{FeTiO_3}$},
  author={Nabi, Hasan Sadat and Harrison, Richard J and Pentcheva, Rossitza},
  journal={Physical Review B},
  volume={81},
  number={21},
  pages={214432},
  year={2010},
  publisher={APS}
}

@article{bao2017first,
  title={A first-principles study of titanium oxide clusters formation and evolution in a steel matrix},
  author={Bao, Wenqiang and Zhang, Wei and Li, Huigai and Zheng, Shaobo and Zhai, Qijie},
  journal={RSC Advances},
  volume={7},
  number={82},
  pages={52296--52303},
  year={2017},
  publisher={Royal Society of Chemistry}
}

@article{wu2017first,
  title={First-principles engineering of charged defects for two-dimensional quantum technologies},
  author={Wu, Feng and Galatas, Andrew and Sundararaman, Ravishankar and Rocca, Dario and Ping, Yuan},
  journal={Physical Review Materials},
  volume={1},
  number={7},
  pages={071001},
  year={2017},
  publisher={APS}
}

% exp measurement of undoped Fe2O3 concentration
@article{shinde2011physical,
  title={Physical properties of hematite $\alpha$-$\mathrm{Fe_2O_3}$ thin films: application to photoelectrochemical solar cells},
  author={Shinde, SS and Bansode, RA and Bhosale, CH and Rajpure, KY},
  journal={Journal of Semiconductors},
  volume={32},
  number={1},
  pages={013001},
  year={2011},
  publisher={IOP Publishing}
}

% U=4.3 eV and barrier
@article{adelstein2014density,
  title={Density functional theory based calculation of small-polaron mobility in hematite},
  author={Adelstein, Nicole and Neaton, Jeffrey B and Asta, Mark and De Jonghe, Lutgard C},
  journal={Physical Review B},
  volume={89},
  number={24},
  pages={245115},
  year={2014},
  publisher={APS}
}


% ============================================================
% introduction citations
% ============================================================

@article{hisatomi2019reaction,
  title={Reaction systems for solar hydrogen production via water splitting with particulate semiconductor photocatalysts},
  author={Hisatomi, Takashi and Domen, Kazunari},
  journal={Nature Catalysis},
  volume={2},
  number={5},
  pages={387--399},
  year={2019},
  publisher={Nature Publishing Group}
}


@article{roger2017earth,
  title={Earth-Abundant Catalysts for Electrochemical and Photoelectrochemical Water Splitting},
  author={Roger, Isolda and Shipman, Michael A and Symes, Mark D},
  journal={Nature Reviews Chemistry},
  volume={1},
  number={1},
  pages={0003},
  year={2017},
  publisher={Nature Publishing Group}
}

@article{zhao2018heterostructures,
  title={Heterostructures for electrochemical hydrogen evolution reaction: a review},
  author={Zhao, Guoqiang and Rui, Kun and Dou, Shi Xue and Sun, Wenping},
  journal={Advanced Functional Materials},
  volume={28},
  number={43},
  pages={1803291},
  year={2018},
  publisher={Wiley Online Library}
}

@article{chen2020coupling,
  title={The coupling of experiments with density functional theory in the studies of the electrochemical hydrogen evolution reaction},
  author={Chen, Mingpeng and Smart, Tyler J and Wang, Shanwen and Kou, Tianyi and Lin, Dun and Ping, Yuan and Li, Yat},
  journal={Journal of Materials Chemistry A},
  volume={8},
  number={18},
  pages={8783--8812},
  year={2020},
  publisher={Royal Society of Chemistry}
}

@article{yang2017progress,
  title={Progress in developing metal oxide nanomaterials for photoelectrochemical water splitting},
  author={Yang, Yi and Niu, Shuwen and Han, Dongdong and Liu, Tianyu and Wang, Gongming and Li, Yat},
  journal={Advanced Energy Materials},
  volume={7},
  number={19},
  pages={1700555},
  year={2017},
  publisher={Wiley Online Library}
}

@article{tamirat2016using,
  title={Using hematite for photoelectrochemical water splitting: a review of current progress and challenges},
  author={Tamirat, Andebet Gedamu and Rick, John and Dubale, Amare Aregahegn and Su, Wei-Nien and Hwang, Bing-Joe},
  journal={Nanoscale Horizons},
  volume={1},
  number={4},
  pages={243--267},
  year={2016},
  publisher={Royal Society of Chemistry}
}

@article{sivula2011solar,
  title={Solar water splitting: progress using hematite ($\alpha$-$\mathrm{Fe_2O_3}$) photoelectrodes},
  author={Sivula, Kevin and Le Formal, Florian and Gr{\"a}tzel, Michael},
  journal={ChemSusChem},
  volume={4},
  number={4},
  pages={432--449},
  year={2011},
  publisher={Wiley Online Library}
}

@article{pastor2019situ,
  title={In situ observation of picosecond polaron self-localisation in $\alpha$-$\mathrm{Fe_2O_3}$ photoelectrochemical cells},
  author={Pastor, Ernest and Park, Ji-Sang and Steier, Ludmilla and Kim, Sunghyun and Gr{\"a}tzel, Michael and Durrant, James R and Walsh, Aron and Bakulin, Artem A},
  journal={Nature Communications},
  volume={10},
  number={1},
  pages={1--7},
  year={2019},
  publisher={Nature Publishing Group}
}

@article{carneiro2017excitation,
  title={Excitation-Wavelength-Dependent Small Polaron Trapping of Photoexcited Carriers in $\alpha$-$\mathrm{Fe_2O_3}$},
  author={Carneiro, Lucas M and Cushing, Scott K and Liu, Chong and Su, Yude and Yang, Peidong and Alivisatos, A Paul and Leone, Stephen R},
  journal={Nature Materials},
  volume={16},
  number={8},
  pages={819},
  year={2017},
  publisher={Nature Publishing Group}
}


@article{lee2019progress,
  title={Progress on ternary oxide-based photoanodes for use in photoelectrochemical cells for solar water splitting},
  author={Lee, Dong Ki and Lee, Dongho and Lumley, Margaret A and Choi, Kyoung-Shin},
  journal={Chemical Society Reviews},
  volume={48},
  number={7},
  pages={2126--2157},
  year={2019},
  publisher={Royal Society of Chemistry}
}

@article{lohaus2018limitation,
  title={Limitation of Fermi Level Shifts by Polaron Defect States in Hematite Photoelectrodes},
  author={Lohaus, Christian and Klein, Andreas and Jaegermann, Wolfram},
  journal={Nature Communications},
  volume={9},
  pages={4309},
  year={2018},
  publisher={Nature Publishing Group}
}

@article{ling2011sn,
  title={Sn-Doped Hematite Nanostructures for Photoelectrochemical Water Splitting},
  author={Ling, Yichuan and Wang, Gongming and Wheeler, Damon A and Zhang, Jin Z and Li, Yat},
  journal={Nano Letters},
  volume={11},
  number={5},
  pages={2119--2125},
  year={2011},
  publisher={ACS Publications}
}

@article{li2017morphology,
  title={Morphology and doping engineering of Sn-doped hematite nanowire photoanodes},
  author={Li, Mingyang and Yang, Yi and Ling, Yichuan and Qiu, Weitao and Wang, Fuxin and Liu, Tianyu and Song, Yu and Liu, Xiaoxia and Fang, Pingping and Tong, Yexiang and others},
  journal={Nano Letters},
  volume={17},
  number={4},
  pages={2490--2495},
  year={2017},
  publisher={ACS Publications}
}

% tetravalent doped papers
@article{kumar2011electrodeposited,
  title={Electrodeposited zirconium-doped $\alpha$-$\mathrm{Fe_2O_3}$ thin film for photoelectrochemical water splitting},
  author={Kumar, Praveen and Sharma, Poonam and Shrivastav, Rohit and Dass, Sahab and Satsangi, Vibha R},
  journal={International Journal of Hydrogen Energy},
  volume={36},
  number={4},
  pages={2777--2784},
  year={2011},
  publisher={Elsevier}
}

@article{fu2014highly,
  title={Highly photoactive Ti-doped $\alpha$-$\mathrm{Fe_2O_3}$ nanorod arrays photoanode prepared by a hydrothermal method for photoelectrochemical water splitting},
  author={Fu, Zewen and Jiang, Tengfei and Liu, Zhipeng and Wang, Dejun and Wang, Lingling and Xie, Tengfeng},
  journal={Electrochimica Acta},
  volume={129},
  pages={358--363},
  year={2014},
  publisher={Elsevier}
}

@article{malviya2017influence,
  title={Influence of Ti doping levels on the photoelectrochemical properties of thin-film hematite ($\alpha$-$\mathrm{Fe_2O_3}$) photoanodes},
  author={Malviya, Kirtiman Deo and Klotz, Dino and Dotan, Hen and Shlenkevich, Dmitry and Tsyganok, Anton and Mor, Hadar and Rothschild, Avner},
  journal={The Journal of Physical Chemistry C},
  volume={121},
  number={8},
  pages={4206--4213},
  year={2017},
  publisher={ACS Publications}
}

@article{yang2013new,
  title={A new hematite photoanode doping strategy for solar water splitting: oxygen vacancy generation},
  author={Yang, Tae-Youl and Kang, Ho-Young and Sim, Uk and Lee, Young-Joo and Lee, Ji-Hoon and Koo, Byungjin and Nam, Ki Tae and Joo, Young-Chang},
  journal={Physical Chemistry Chemical Physics},
  volume={15},
  number={6},
  pages={2117--2124},
  year={2013},
  publisher={Royal Society of Chemistry}
}

@article{tian2020electronic,
  title={Electronic Structure, Optical Properties and Photoelectrochemical Activity of Sn Doped $\mathrm{Fe_2O_3}$ Thin Films},
  author={Tian, Chuanmu and Li, Weiwei and Lin, Yumei and Yang, Zhenzhong and Wang, Le and Du, Yingge and Xiao, Haiyan and Qiao, Liang and Zhang, Jia-Ye and Chen, Lang and others},
  journal={The Journal of Physical Chemistry C},
  volume={124},
  number={23},
  pages={12548--12558},
  year={2020},
  publisher={ACS Publications}
}

@article{liu2013ge,
  title={Ge-doped hematite nanosheets with tunable doping level, structure and improved photoelectrochemical performance},
  author={Liu, Jun and Liang, Changhao and Xu, Guoping and Tian, Zhenfei and Shao, Guosheng and Zhang, Lide},
  journal={Nano Energy},
  volume={2},
  number={3},
  pages={328--336},
  year={2013},
  publisher={Elsevier}
}

@article{bindu2018electrical,
  title={Electrical, dielectric and magnetic properties of Sn-doped hematite ($\alpha$-SnxFe2-xO3) nanoplates synthesized by microwave-assisted method},
  author={Bindu, K and Ajith, KM and Nagaraja, HS},
  journal={Journal of Alloys and Compounds},
  volume={735},
  pages={847--854},
  year={2018},
  publisher={Elsevier}
}

% doping with 'oxygen vacancies'
@article{biswas2020tuning,
  title={Tuning of oxygen vacancy-induced electrical conductivity in Ti-doped hematite films and its impact on photoelectrochemical water splitting},
  author={Biswas, Pranab and Ainabayev, Ardak and Zhussupbekova, Ainur and Jose, Feljin and O‚ÄôConnor, Robert and Kaisha, Aitkazy and Walls, Brian and Shvets, Igor V},
  journal={Scientific Reports},
  volume={10},
  number={1},
  pages={1--9},
  year={2020},
  publisher={Nature Publishing Group}
}

@article{pu2014coupling,
  title={Coupling Ti-doping and oxygen vacancies in hematite nanostructures for solar water oxidation with high efficiency},
  author={Pu, Aiwu and Deng, Jiujun and Li, Ming and Gao, Jing and Zhang, Hui and Hao, Yuanyuan and Zhong, Jun and Sun, Xuhui},
  journal={Journal of Materials chemistry A},
  volume={2},
  number={8},
  pages={2491--2497},
  year={2014},
  publisher={Royal Society of Chemistry}
}

% limitations
@article{walsh2017instilling,
  title={Instilling defect tolerance in new compounds},
  author={Walsh, Aron and Zunger, Alex},
  journal={Nature Materials},
  volume={16},
  number={10},
  pages={964--967},
  year={2017},
  publisher={Nature Publishing Group}
}

% sn EXAFS
@article{annamalai2015activation,
  title={Activation of hematite photoanodes for solar water splitting: effect of FTO deformation},
  author={Annamalai, Alagappan and Subramanian, Arunprabaharan and Kang, Unseock and Park, Hyunwoong and Choi, Sun Hee and Jang, Jum Suk},
  journal={The Journal of Physical Chemistry C},
  volume={119},
  number={7},
  pages={3810--3817},
  year={2015},
  publisher={ACS Publications}
}

% vacancy clustering
@article{atkinson2003accommodation,
  title={Accommodation of impurities in $\alpha$-Al2O3, $\alpha$-Cr2O3 and $\alpha$-Fe2O3},
  author={Atkinson, KJW and Grimes, Robin W and Levy, Mark R and Coull, Zoe L and English, Tim},
  journal={Journal of the European Ceramic Society},
  volume={23},
  number={16},
  pages={3059--3070},
  year={2003},
  publisher={Elsevier}
}

@article{ayub2001influence,
  title={Influence of zinc doping on the structural and magnetic properties of $\alpha$-$\mathrm{Fe_2O_3}$},
  author={Ayub, Ibrar and Berry, Frank J and Bilsborrow, Robert L and Helgason, {\"O}rn and Mercader, Roberto C and Moore, Elaine A and Stewart, Silvana J and Wynn, Paul G},
  journal={Journal of Solid State Chemistry},
  volume={156},
  number={2},
  pages={408--414},
  year={2001},
  publisher={Elsevier}
}

@article{berry1998rationalisation,
  title={Rationalisation of defect structure of tin-and titanium-doped $\alpha$-$\mathrm{Fe_2O_3}$ using interatomic potential calculations},
  author={Berry, Frank J and Boh{\'o}rquez, Alberto and Moore, Elaine A},
  journal={Solid State Communications},
  volume={109},
  number={3},
  pages={207--211},
  year={1998},
  publisher={Elsevier}
}

% si (use undoped value)
@article{glasscock2007enhancement,
  title={Enhancement of photoelectrochemical hydrogen production from hematite thin films by the introduction of Ti and Si},
  author={Glasscock, Julie A and Barnes, Piers RF and Plumb, Ian C and Savvides, Nick},
  journal={The Journal of Physical Chemistry C},
  volume={111},
  number={44},
  pages={16477--16488},
  year={2007},
  publisher={ACS Publications}
}

% thickness (also use undoped value)
@article{rioult2014single,
  title={Single crystalline hematite films for solar water splitting: Ti-doping and thickness effects},
  author={Rioult, Maxime and Magnan, HeÃÅleÃÄne and Stanescu, Dana and Barbier, Antoine},
  journal={The Journal of Physical Chemistry C},
  volume={118},
  number={6},
  pages={3007--3014},
  year={2014},
  publisher={ACS Publications}
}

% only 0.23% of Ti are ionized
@article{hahn2010photoelectrochemical,
  title={Photoelectrochemical performance of nanostructured Ti-and Sn-doped $\alpha$-$\mathrm{Fe_2O_3}$ photoanodes},
  author={Hahn, Nathan T and Mullins, C Buddie},
  journal={Chemistry of Materials},
  volume={22},
  number={23},
  pages={6474--6482},
  year={2010},
  publisher={ACS Publications}
}

% Ti is not a donor confusion
@article{zandi2013highly,
  title={Highly photoactive Ti-doped $\alpha$-$\mathrm{Fe_2O_3}$ thin film electrodes: resurrection of the dead layer},
  author={Zandi, Omid and Klahr, Benjamin M and Hamann, Thomas W},
  journal={Energy \& Environmental Science},
  volume={6},
  number={2},
  pages={634--642},
  year={2013},
  publisher={Royal Society of Chemistry}
}

% Ti codoping
@article{zhang2010improved,
  title={Improved photoelectrochemical responses of Si and Ti codoped $\alpha$-$\mathrm{Fe_2O_3}$ photoanode films},
  author={Zhang, Minglong and Luo, Wenjun and Li, Zhaosheng and Yu, Tao and Zou, Zhigang},
  journal={Applied Physics Letters},
  volume={97},
  number={4},
  pages={042105},
  year={2010},
  publisher={American Institute of Physics}
}

@article{mirbagheri2014visible,
  title={Visible light driven photoelectrochemical water oxidation by Zn-and Ti-doped hematite nanostructures},
  author={Mirbagheri, Naghmehalsadat and Wang, Degao and Peng, Cheng and Wang, Jianqiang and Huang, Qing and Fan, Chunhai and Ferapontova, Elena E},
  journal={ACS Catalysis},
  volume={4},
  number={6},
  pages={2006--2015},
  year={2014},
  publisher={ACS Publications}
}

@article{pan2015ti,
  title={(Ti/Zr, N) codoped hematite for enhancing the photoelectrochemical activity of water splitting},
  author={Pan, Haijun and Meng, Xiangying and Liu, Dongyan and Li, Song and Qin, Gaowu},
  journal={Physical Chemistry Chemical Physics},
  volume={17},
  number={34},
  pages={22179--22186},
  year={2015},
  publisher={Royal Society of Chemistry}
}

% ionic radii
@article{shannon1976revised,
  title={Revised effective ionic radii and systematic studies of interatomic distances in halides and chalcogenides},
  author={Shannon, Robert D},
  journal={Acta Crystallographica A},
  volume={32},
  number={5},
  pages={751--767},
  year={1976},
  publisher={International Union of Crystallography}
}

% hematite supercapacitor
@article{lu2014oxygen,
  title={Oxygen-deficient hematite nanorods as high-performance and novel negative electrodes for flexible asymmetric supercapacitors},
  author={Lu, Xihong and Zeng, Yinxiang and Yu, Minghao and Zhai, Teng and Liang, Chaolun and Xie, Shilei and Balogun, Muhammad-Sadeeq and Tong, Yexiang},
  journal={Advanced Materials},
  volume={26},
  number={19},
  pages={3148--3155},
  year={2014},
  publisher={Wiley Online Library}
}

% hematite battery
@article{jiang2017porous,
  title={Porous Fe2O3 nanoframeworks encapsulated within three-dimensional graphene as high-performance flexible anode for lithium-ion battery},
  author={Jiang, Tiancai and Bu, Fanxing and Feng, Xiaoxiang and Shakir, Imran and Hao, Guolin and Xu, Yuxi},
  journal={ACS Nano},
  volume={11},
  number={5},
  pages={5140--5147},
  year={2017},
  publisher={ACS Publications}
}

% bud reference
@article{mackeen2018substitution,
  title={Substitution of Er, In, and Hf in LiNbO 3: Evidence for multiple defect distributions about dopant sites},
  author={Mackeen, C and Bridges, F and Kov{\'a}cs, L and Castillo-Torres, J},
  journal={Physical Review Materials},
  volume={2},
  number={9},
  pages={093602},
  year={2018},
  publisher={APS}
}
@article{ankudinov1997relativistic,
  title={Relativistic calculations of spin-dependent x-ray-absorption spectra},
  author={Ankudinov, Alexei L and Rehr, JJ},
  journal={Physical Review B},
  volume={56},
  number={4},
  pages={R1712},
  year={1997},
  publisher={APS}
}

@manual{RSXAP10,
   title = {R-Space X-ray Absorption Package},
   author = {Booth, C.~H.},
   note = {http://lise.lbl.gov/RSXAP},
   year = {2010}
 }

@article{Stern93b,
   author = "E. A. Stern",
   title = "Number of relevant independent points in X-ray-absorption fine-structure spectra",
   journal = "Physical Review B",
   volume = "48",
   pages = "9825",
   year = "1993"
}

@article{cai2020engineered,
  title={Engineered Sn-and Mg-doped hematite photoanodes for efficient photoelectrochemical water oxidation},
  author={Cai, Jiajia and Chen, Hao and Liu, Cunxing and Yin, Shuaiqi and Li, Haijin and Xu, Liangcheng and Liu, Hao and Xie, Qian},
  journal={Dalton Transactions},
  volume={49},
  number={32},
  pages={11282--11289},
  year={2020},
  publisher={Royal Society of Chemistry}
}

@book{Mcmaster69,
    title="Compilation of X-ray Cross Sections",
    author="W.~H. McMaster",
    series="UCRL-50174 Sec. II, Rev. 1",
    publisher="Lawrence Radiation Laboratory, University of California",
    address ="Berkeley",
    year="1969" ,
    note =  "url={http://books.google.com/books?id=8VHzmgEACAAJ}",
 }

@article{yao2018photoelectrocatalytic,
  author={Yao, Tingting and An, Xiurui and Han, Hongxian and Chen, John Qianjun and Li, Can},
  journal={Advanced Energy Materials},
  volume={8},
  pages={1800210},
  year={2018},
  publisher={Wiley Online Library}
}

% review on solar water splitting
@article{tachibana2012artificial,
  author={Tachibana, Yasuhiro and Vayssieres, Lionel and Durrant, James R},
  journal={Nature Photonics},
  volume={6},
  pages={511},
  year={2012},
  publisher={Nature Publishing Group}
}

% review on solar water splitting
@article{walter2010solar,
  author={Walter, Michael G and Warren, Emily L and McKone, James R and Boettcher, Shannon W and Mi, Qixi and Santori, Elizabeth A and Lewis, Nathan S},
  journal={Chemical Reviews},
  volume={110},
  pages={6446--6473},
  year={2010},
  publisher={ACS Publications}
}

% Transition metal oxides for PEC (BiVO4)
@article{kim2019elaborately,
  author={Kim, Jin Hyun and Lee, Jae Sung},
  journal={Advanced Materials},
  volume={31},
  pages={1806938},
  year={2019},
  publisher={Wiley Online Library}
}

% Small polarons in TMOs
@article{bosman1970small,
  author={Bosman, AJ and Van Daal, HJ},
  journal={Advances in Physics},
  volume={19},
  pages={1--117},
  year={1970},
  publisher={Taylor \& Francis}
}
@article{lu2017,
  author={Lu, Bingzhang and \textbf{Smart}, \textbf{Tyler} \textbf{J} and Qin, Dongdong and Lu, Jia En and Wang, Nan and Chen, Limei and Peng, Yi and Ping, Yuan and Chen, Shaowei},
  journal={Chemistry of Materials},
  volume={29},
  pages={5617--5628},
  year={2017},
  publisher={ACS Publications}
}
@article{kou2018,
  author={Kou, Tianyi and \textbf{Smart}, \textbf{Tyler} \textbf{J} and Yao, Bin and Chen, Irwin and Thota, David and Ping, Yuan and Li, Yat},
  journal={Advanced Energy Materials},
  volume={8},
  pages={1703538},
  year={2018},
  publisher={Wiley Online Library}
}
@article{lu2019,
  author={Lu, Bingzhang and Guo, Lin and Wu, Feng and Peng, Yi and Lu, Jia En and \textbf{Smart}, \textbf{Tyler} \textbf{J} and Wang, Nan and Finfrock, Y Zou and Morris, David and Zhang, Peng and others},
  journal={Nature Communications},
  volume={10},
  pages={631},
  year={2019},
  publisher={Nature Publishing Group}
}
@article{kou2019,
  author={Kou, Tianyi and Chen, Mingpeng and Wu, Feng and \textbf{Smart}, \textbf{Tyler} \textbf{J} and Wang, Shanwen and Wu, Yishang and Zhang, Ying and Li, Shengtong and Lall, Supriya and Zhang, Zhonghua and others},
  journal={Nature Communications},
  volume={11},
  pages={1--10},
  year={2020},
  publisher={Nature Publishing Group}
}
@article{jang2015tree,
  title={Tree branch-shaped cupric oxide for highly effective photoelectrochemical water reduction},
  author={Jang, Youn Jeong and Jang, Ji-Wook and Choi, Sun Hee and Kim, Jae Young and Kim, Ju Hun and Youn, Duck Hyun and Kim, Won Yong and Han, Suenghoon and Lee, Jae Sung},
  journal={Nanoscale},
  volume={7},
  number={17},
  pages={7624--7631},
  year={2015},
  publisher={Royal Society of Chemistry}
}
@article{koffyberg1982photoelectrochemical,
  title={A photoelectrochemical determination of the position of the conduction and valence band edges of p-type CuO},
  author={Koffyberg, FP and Benko, FA},
  journal={Journal of Applied Physics},
  volume={53},
  number={2},
  pages={1173--1177},
  year={1982},
  publisher={American Institute of Physics}
}
@article{chiang2012copper,
  title={Copper oxide photocathodes prepared by a solution based process},
  author={Chiang, Chia-Ying and Shin, Yoon and Aroh, Kosi and Ehrman, Sheryl},
  journal={international journal of hydrogen energy},
  volume={37},
  number={10},
  pages={8232--8239},
  year={2012},
  publisher={Elsevier}
}
@article{izaki2011electrodeposition,
  title={Electrodeposition of 1.4-eV-bandgap p-copper (II) oxide film with excellent photoactivity},
  author={Izaki, Masanobu and Nagai, Miho and Maeda, Keita and Mohamad, Fariza Binti and Motomura, Kenjiro and Sasano, Junji and Shinagawa, Tsutomu and Watase, Seiji},
  journal={Journal of The Electrochemical Society},
  volume={158},
  number={9},
  pages={D578},
  year={2011},
  publisher={IOP Publishing}
}
@article{sagu2014rapid,
  title={Rapid and simple potentiostatic deposition of copper (II) oxide thin films},
  author={Sagu, Jagdeep S and Peiris, TA Nirmal and Wijayantha, KG Upul},
  journal={Electrochemistry Communications},
  volume={42},
  pages={68--71},
  year={2014},
  publisher={Elsevier}
}
@article{masudy2016nanocrystal,
  title={Nanocrystal engineering of sputter-grown CuO photocathode for visible-light-driven electrochemical water splitting},
  author={Masudy-Panah, Saeid and Siavash Moakhar, Roozbeh and Chua, Chin Sheng and Tan, Hui Ru and Wong, Ten It and Chi, Dongzhi and Dalapati, Goutam Kumar},
  journal={ACS applied materials \& interfaces},
  volume={8},
  number={2},
  pages={1206--1213},
  year={2016},
  publisher={ACS Publications}
}
@article{lee2016scalable,
  title={Scalable binder-free supersonic cold spraying of nanotextured cupric oxide (CuO) films as efficient photocathodes},
  author={Lee, Jong Gun and Kim, Do-Yeon and Lee, Jong-Hyuk and Kim, Min-woo and An, Seongpil and Jo, Hong Seok and Nervi, Carlo and Al-Deyab, Salem S and Swihart, Mark T and Yoon, Sam S},
  journal={ACS applied materials \& interfaces},
  volume={8},
  number={24},
  pages={15406--15414},
  year={2016},
  publisher={ACS Publications}
}
@article{guo2014cuo,
  title={CuO/Pd composite photocathodes for photoelectrochemical hydrogen evolution reaction},
  author={Guo, Xin and Diao, Peng and Xu, Di and Huang, Shan and Yang, Yang and Jin, Tao and Wu, Qingyong and Xiang, Min and Zhang, Mei},
  journal={international journal of hydrogen energy},
  volume={39},
  number={15},
  pages={7686--7696},
  year={2014},
  publisher={Elsevier}
}
@article{emin2014novel,
  title={A novel approach for the preparation of textured CuO thin films from electrodeposited CuCl and CuBr},
  author={Emin, S and Abdi, FF and Fanetti, M and Peng, W and Smith, W and Sivula, K and Dam, B and Valant, M},
  journal={Journal of Electroanalytical Chemistry},
  volume={717},
  pages={243--249},
  year={2014},
  publisher={Elsevier}
}
@article{septina2017stabilized,
  title={Stabilized solar hydrogen production with CuO/CdS heterojunction thin film photocathodes},
  author={Septina, Wilman and Prabhakar, Rajiv Ramanujam and Wick, Rene and Moehl, Thomas and Tilley, S David},
  journal={Chemistry of Materials},
  volume={29},
  number={4},
  pages={1735--1743},
  year={2017},
  publisher={ACS Publications}
}
@article{wong2016current,
  title={Current status and future prospects of copper oxide heterojunction solar cells},
  author={Wong, Terence KS and Zhuk, Siarhei and Masudy-Panah, Saeid and Dalapati, Goutam K},
  journal={Materials},
  volume={9},
  number={4},
  pages={271},
  year={2016},
  publisher={Multidisciplinary Digital Publishing Institute}
}
@article{masudy2015titanium,
  title={Titanium doped cupric oxide for photovoltaic application},
  author={Masudy-Panah, Saeid and Radhakrishnan, K and Tan, Hui Ru and Yi, Ren and Wong, Ten It and Dalapati, Goutam Kumar},
  journal={Solar Energy Materials and Solar Cells},
  volume={140},
  pages={266--274},
  year={2015},
  publisher={Elsevier}
}
@article{poloju2018improved,
  title={Improved gas sensing performance of Al doped ZnO/CuO nanocomposite based ammonia gas sensor},
  author={Poloju, Madhukar and Jayababu, Nagabandi and Reddy, MV Ramana},
  journal={Materials Science and Engineering: B},
  volume={227},
  pages={61--67},
  year={2018},
  publisher={Elsevier}
}
@inproceedings{rydosz2013nano,
  title={Nano-thin CuO films doped with Au and Pd for gas sensors applications},
  author={Rydosz, Artur and Maziarz, Wojciech and Pisarkiewicz, Tadeusz and Wincza, Krzysztof and Gruszczy{\'n}ski, S{\l}awomir},
  booktitle={2013 International Conference on Informatics, Electronics and Vision (ICIEV)},
  pages={1--5},
  year={2013},
  organization={IEEE}
}
@article{rettie2016unravelling,
  title={Unravelling small-polaron transport in metal oxide photoelectrodes},
  author={Rettie, Alexander JE and Chemelewski, William D and Emin, David and Mullins, C Buddie},
  journal={The journal of physical chemistry letters},
  volume={7},
  number={3},
  pages={471--479},
  year={2016},
  publisher={ACS Publications}
}
@article{rettie2013combined,
  title={Combined charge carrier transport and photoelectrochemical characterization of BiVO4 single crystals: intrinsic behavior of a complex metal oxide},
  author={Rettie, Alexander JE and Lee, Heung Chan and Marshall, Luke G and Lin, Jung-Fu and Capan, Cigdem and Lindemuth, Jeffrey and McCloy, John S and Zhou, Jianshi and Bard, Allen J and Mullins, C Buddie},
  journal={Journal of the American Chemical Society},
  volume={135},
  number={30},
  pages={11389--11396},
  year={2013},
  publisher={ACS Publications}
}
@article{devreese1996polarons,
  title={Polarons},
  author={Devreese, Jozef T},
  journal={Encycl. Appl. Phys.},
  volume={14},
  number={cond-mat/0004497},
  pages={383--409},
  year={1996}
}
@article{mott1968conduction,
  title={Conduction in glasses containing transition metal ions},
  author={Mott, NF},
  journal={Journal of Non-Crystalline Solids},
  volume={1},
  number={1},
  pages={1--17},
  year={1968},
  publisher={Elsevier}
}
@article{samokhvalov1993low,
  title={Low-mobility charge carriers in CuO},
  author={Samokhvalov, AA and Viglin, NA and Gizhevskij, BA and Loshkareva, NN and Osipov, VV and Solin, NI and Sukhorukov, Yu P},
  journal={Zhurnal Eksperimentalnoi i Teoreticheskoi Fiziki},
  volume={103},
  number={3},
  pages={951--961},
  year={1993}
}
@article{wu2014charge,
  title={Charge transport in single CuO nanowires},
  author={Wu, Junnan and Yin, Bo and Wu, Fei and Myung, Yoon and Banerjee, Parag},
  journal={Applied Physics Letters},
  volume={105},
  number={18},
  pages={183506},
  year={2014},
  publisher={AIP Publishing LLC}
}
@article{zheng2001evidence,
  title={Evidence of charge stripes, charge-spin-orbital coupling and phase transition in a simple copper oxide CuO},
  author={Zheng, Xu-Guang and Xu, Chao-Nan and Tanaka, Eiji and Tomokiyo, Yoshitsugu and Yamada, Hiroshi and Soejima, Yuji and Yamamura, Yasuhisa and Tsuji, Toshihide},
  journal={Journal of the Physical Society of Japan},
  volume={70},
  number={4},
  pages={1054--1063},
  year={2001},
  publisher={The Physical Society of Japan}
}
@article{jeong1996nonstoichiometry,
  title={Nonstoichiometry and electrical conduction of CuO},
  author={Jeong, Yong Kwon and Choi, Gyeong Man},
  journal={Journal of Physics and Chemistry of Solids},
  volume={57},
  number={1},
  pages={81--84},
  year={1996},
  publisher={Elsevier}
}
@article{zheng2004fast,
  title={Fast suppression of antiferromagnetism in Cu 1- x Li x O},
  author={Zheng, XG and Kodama, Y and Saito, Kazuya and Tanaka, E and Tomokiyo, Y and Yamada, H and Xu, CN},
  journal={Physical Review B},
  volume={69},
  number={9},
  pages={094510},
  year={2004},
  publisher={APS}
}
@article{choi2017p,
  title={p-Type aliovalent Li (I) or Fe (III)-doped CuO hollow spheres self-organized by cationic complex ink printing: structural and gas sensing characteristics},
  author={Choi, Yun-Hyuk and Kim, Dai-Hong and Hong, Seong-Hyeon},
  journal={Sensors and Actuators B: Chemical},
  volume={243},
  pages={262--270},
  year={2017},
  publisher={Elsevier}
}
@article{gao2007ferromagnetic,
  title={Ferromagnetic properties of bulk Cu 1- x Mn x O magnetic semiconductors},
  author={Gao, Kuang Hong and Li, Zhi Qing and Du, Tao and Jiang, En Yong and Li, Yang Xian},
  journal={Physical Review B},
  volume={75},
  number={17},
  pages={174444},
  year={2007},
  publisher={APS}
}
@article{masudy2015optical,
  title={Optical bandgap widening and phase transformation of nitrogen doped cupric oxide},
  author={Masudy-Panah, Saeid and Radhakrishnan, K and Kumar, Avishek and Wong, Ten It and Yi, Ren and Dalapati, Goutam Kumar},
  journal={Journal of Applied Physics},
  volume={118},
  number={22},
  pages={225301},
  year={2015},
  publisher={AIP Publishing LLC}
}
@article{zheng2003effect,
  title={Effect of hole doping in Li x Cu 1- x O},
  author={Zheng, XG and Yamada, H and Scanderbeg, Daniel J and Maple, M Brian and Xu, CN},
  journal={Physical Review B},
  volume={67},
  number={21},
  pages={214516},
  year={2003},
  publisher={APS}
}
@article{chiang2016dopant,
  title={Dopant effects on conductivity in copper oxide photoelectrochemical cells},
  author={Chiang, Chia-Ying and Shin, Yoon and Ehrman, Sheryl},
  journal={Applied Energy},
  volume={164},
  pages={1039--1042},
  year={2016},
  publisher={Elsevier}
}
@article{chiang2011li,
  title={Li doped CuO film electrodes for photoelectrochemical cells},
  author={Chiang, Chia-Ying and Shin, Yoon and Ehrman, Sheryl},
  journal={Journal of The Electrochemical Society},
  volume={159},
  number={2},
  pages={B227},
  year={2011},
  publisher={IOP Publishing}
}
@article{chand2014structural,
  title={Structural and optical study of Li doped CuO thin films on Si (1 0 0) substrate deposited by pulsed laser deposition},
  author={Chand, Prakash and Gaur, Anurag and Kumar, Ashavani and Gaur, Umesh Kumar},
  journal={Applied surface science},
  volume={307},
  pages={280--286},
  year={2014},
  publisher={Elsevier}
}
@article{ghijsen1988electronic,
  title={Electronic structure of Cu 2 O and CuO},
  author={Ghijsen, Jacques and Tjeng, Liu-Hao and van Elp, Jan and Eskes, Henk and Westerink, Jos and Sawatzky, George A and Czyzyk, Marek T},
  journal={Physical Review B},
  volume={38},
  number={16},
  pages={11322},
  year={1988},
  publisher={APS}
}
@article{de1962interactions,
  title={Interactions indirectes entre couches 4f dans les m{\'e}taux de terres rares},
  author={De Gennes, PG},
  journal={Journal de Physique et le Radium},
  volume={23},
  number={8-9},
  pages={510--521},
  year={1962},
  publisher={Revue G{\'e}n{\'e}rale de l'Electricit{\'e}}
}
@article{vigren1973mobility,
  title={Mobility of the self-trapped paramagnetic spin polaron},
  author={Vigren, DT},
  journal={Journal of Physics C: Solid State Physics},
  volume={6},
  number={6},
  pages={967},
  year={1973},
  publisher={IOP Publishing}
}
@article{mott1993polaron,
  title={Polaron models of high-temperature superconductors},
  author={Mott, NF},
  journal={Journal of Physics: Condensed Matter},
  volume={5},
  number={22},
  pages={3487},
  year={1993},
  publisher={IOP Publishing}
}
@misc{chernyshev2003models,
  title={Models and Methods of High-Tc Superconductivity: Some Frontal Aspects vol 1 ed JK Srivastava and SM Rao Hauppauge, NY},
  author={Chernyshev, AL and Wood, RF},
  year={2003},
  publisher={Nova Science Publishers}
}
@article{lu1990spin,
  title={Spin polarons in high-T c copper oxides: Differences between electron-and hole-doped systems},
  author={Lu, Jian Ping and Si, Qimiao},
  journal={Physical Review B},
  volume={42},
  number={1},
  pages={950},
  year={1990},
  publisher={APS}
}
@article{yonemitsu1992sensitivity,
  title={Sensitivity of doping states in the copper oxides to electron-lattice coupling},
  author={Yonemitsu, K and Bishop, AR and Lorenzana, J},
  journal={Physical review letters},
  volume={69},
  number={6},
  pages={965},
  year={1992},
  publisher={APS}
}
@article{alexandrov1994bipolarons,
  title={Bipolarons},
  author={Alexandrov, AS and Mott, NF},
  journal={Reports on Progress in Physics},
  volume={57},
  number={12},
  pages={1197},
  year={1994},
  publisher={IOP Publishing}
}
@article{wood1992d,
  title={d 9 spin-polaron theory of high-T c superconductivity},
  author={Wood, RF and Cooke, JF},
  journal={Physical Review B},
  volume={45},
  number={10},
  pages={5585},
  year={1992},
  publisher={APS}
}
@article{goldey2017charge,
  title={Charge transport in nanostructured materials: implementation and verification of constrained density functional theory},
  author={Goldey, Matthew B and Brawand, Nicholas P and V{\''o}r{\''o}s, MaÃÅrton and Galli, Giulia},
  journal={Journal of chemical theory and computation},
  volume={13},
  number={6},
  pages={2581--2590},
  year={2017},
  publisher={ACS Publications}
}
@article{kaduk2012constrained,
  title={Constrained density functional theory},
  author={Kaduk, Benjamin and Kowalczyk, Tim and Van Voorhis, Troy},
  journal={Chemical reviews},
  volume={112},
  number={1},
  pages={321--370},
  year={2012},
  publisher={ACS Publications}
}
@article{rocquefelte2010short,
  title={Short-range magnetic order and temperature-dependent properties of cupric oxide},
  author={Rocquefelte, Xavier and Whangbo, Myung-Hwan and Villesuzanne, Antoine and Jobic, St{\'e}phane and Tran, F and Schwarz, K and Blaha, P},
  journal={Journal of Physics: Condensed Matter},
  volume={22},
  number={4},
  pages={045502},
  year={2010},
  publisher={IOP Publishing}
}

@article{rocquefelte2012theoretical,
  title={Theoretical investigation of the magnetic exchange interactions in copper (II) oxides under chemical and physical pressures},
  author={Rocquefelte, Xavier and Schwarz, Karlheinz and Blaha, Peter},
  journal={Scientific reports},
  volume={2},
  number={1},
  pages={1--5},
  year={2012},
  publisher={Nature Publishing Group}
}
@article{rocquefelte2013room,
  title={Room-temperature spin-spiral multiferroicity in high-pressure cupric oxide},
  author={Rocquefelte, Xavier and Schwarz, Karlheinz and Blaha, Peter and Kumar, Sanjeev and Van Den Brink, Jeroen},
  journal={Nature communications},
  volume={4},
  number={1},
  pages={1--7},
  year={2013},
  publisher={Nature Publishing Group}
}
@article{yang1989magnetic,
  title={Magnetic neutron scattering study of single-crystal cupric oxide},
  author={Yang, BX and Thurston, TR and Tranquada, JM and Shirane, G},
  journal={Physical Review B},
  volume={39},
  number={7},
  pages={4343},
  year={1989},
  publisher={APS}
}
@article{austin1969polarons,
  title={Polarons in crystalline and non-crystalline materials},
  author={Austin, IG and Mott, N Fr},
  journal={Advances in physics},
  volume={18},
  number={71},
  pages={41--102},
  year={1969},
  publisher={Taylor \& Francis}
}
@article{gonze1997dynamical,
  title={Dynamical matrices, Born effective charges, dielectric permittivity tensors, and interatomic force constants from density-functional perturbation theory},
  author={Gonze, Xavier and Lee, Changyol},
  journal={Physical Review B},
  volume={55},
  number={16},
  pages={10355},
  year={1997},
  publisher={APS}
}
@article{cardiel2017electrochemical,
  title={Electrochemical growth of copper hydroxy double salt films and their conversion to nanostructured p-type CuO photocathodes},
  author={Cardiel, Allison C and McDonald, Kenneth J and Choi, Kyoung-Shin},
  journal={Langmuir},
  volume={33},
  number={37},
  pages={9262--9270},
  year={2017},
  publisher={ACS Publications}
}
@article{kang2016photoelectrochemical,
  title={Photoelectrochemical properties and photostabilities of high surface area CuBi2O4 and Ag-doped CuBi2O4 photocathodes},
  author={Kang, Donghyeon and Hill, James C and Park, Yiseul and Choi, Kyoung-Shin},
  journal={Chemistry of Materials},
  volume={28},
  number={12},
  pages={4331--4340},
  year={2016},
  publisher={ACS Publications}
}
@article{read2012electrochemical,
  title={Electrochemical synthesis of p-type CuFeO2 electrodes for use in a photoelectrochemical cell},
  author={Read, Carrie G and Park, Yiseul and Choi, Kyoung-Shin},
  journal={The journal of physical chemistry letters},
  volume={3},
  number={14},
  pages={1872--1876},
  year={2012},
  publisher={ACS Publications}
}
@article{wheeler2017photoelectrochemical,
  title={Photoelectrochemical properties and stability of nanoporous p-type LaFeO3 photoelectrodes prepared by electrodeposition},
  author={Wheeler, Garrett P and Choi, Kyoung-Shin},
  journal={ACS Energy Letters},
  volume={2},
  number={10},
  pages={2378--2382},
  year={2017},
  publisher={ACS Publications}
}
@article{nozik1978photoelectrochemistry,
  title={Photoelectrochemistry: applications to solar energy conversion},
  author={Nozik, Arthur J},
  journal={Annual review of physical chemistry},
  volume={29},
  number={1},
  pages={189--222},
  year={1978},
  publisher={Annual Reviews 4139 El Camino Way, PO Box 10139, Palo Alto, CA 94303-0139, USA}
}
@article{forsyth1988magnetism,
  title={Magnetism in cupric oxide},
  author={Forsyth, JB and Brown, PJ and Wanklyn, BM},
  journal={Journal of Physics C: Solid State Physics},
  volume={21},
  number={15},
  pages={2917},
  year={1988},
  publisher={IOP Publishing}
}
@article{peng2012density,
  title={Density functional theory analysis of dopants in cupric oxide},
  author={Peng, Yuan and Zhang, Zhen and Viet Pham, Thien and Zhao, Yang and Wu, Ping and Wang, Junling},
  journal={Journal of Applied Physics},
  volume={111},
  number={10},
  pages={103708},
  year={2012},
  publisher={American Institute of Physics}
}
@article{peng2014ab,
  title={Ab-initio study of donor-acceptor codoping for n-type CuO},
  author={Peng, Yuan and Zheng, Jianwei and Wu, Ping and Wang, Junling},
  journal={Journal of Applied Physics},
  volume={116},
  number={16},
  pages={163704},
  year={2014},
  publisher={AIP Publishing LLC}
}
@article{heinemann2013band,
  title={Band structure and phase stability of the copper oxides Cu 2 O, CuO, and Cu 4 O 3},
  author={Heinemann, Markus and Eifert, Bianca and Heiliger, Christian},
  journal={Physical Review B},
  volume={87},
  number={11},
  pages={115111},
  year={2013},
  publisher={APS}
}
@article{debbichi2012vibrational,
  title={Vibrational properties of CuO and Cu4O3 from first-principles calculations, and Raman and infrared spectroscopy},
  author={Debbichi, L and Marco de Lucas, MC and Pierson, JF and Kruger, P},
  journal={The Journal of Physical Chemistry C},
  volume={116},
  number={18},
  pages={10232--10237},
  year={2012},
  publisher={ACS Publications}
}
@article{wu2006lsda,
  title={LSDA+ U study of cupric oxide: Electronic structure and native point defects},
  author={Wu, Dangxin and Zhang, Qiming and Tao, Meng},
  journal={Physical Review B},
  volume={73},
  number={23},
  pages={235206},
  year={2006},
  publisher={APS}
}
@article{alexander2008metal,
  title={Metal oxide photoanodes for solar hydrogen production},
  author={Alexander, Bruce D and Kulesza, Pawel J and Rutkowska, Iwona and Solarska, Renata and Augustynski, Jan},
  journal={Journal of Materials Chemistry},
  volume={18},
  number={20},
  pages={2298--2303},
  year={2008},
  publisher={Royal Society of Chemistry}
}
@article{forster2015oxygen,
  title={Oxygen deficient $\alpha$-Fe 2 O 3 photoelectrodes: A balance between enhanced electrical properties and trap-mediated losses},
  author={Forster, Mark and Potter, Richard J and Ling, Yichuan and Yang, Yi and Klug, David R and Li, Yat and Cowan, Alexander J},
  journal={Chemical science},
  volume={6},
  number={7},
  pages={4009--4016},
  year={2015},
  publisher={Royal Society of Chemistry}
}
@article{wang2011facile,
  title={Facile synthesis of highly photoactive $\alpha$-Fe2O3-based films for water oxidation},
  author={Wang, Gongming and Ling, Yichuan and Wheeler, Damon A and George, Kyle EN and Horsley, Kimberly and Heske, Clemens and Zhang, Jin Z and Li, Yat},
  journal={Nano letters},
  volume={11},
  number={8},
  pages={3503--3509},
  year={2011},
  publisher={ACS Publications}
}
@article{methfessel1989high,
  title={High-precision sampling for Brillouin-zone integration in metals},
  author={Methfessel, MPAT and Paxton, AT},
  journal={Physical Review B},
  volume={40},
  number={6},
  pages={3616},
  year={1989},
  publisher={APS}
}
@article{pauling1925crystal,
  title={The crystal structures of hematite and corundum},
  author={Pauling, Linus and Hendricks, Sterling B},
  journal={Journal of the American Chemical Society},
  volume={47},
  number={3},
  pages={781--790},
  year={1925},
  publisher={ACS Publications}
}
@article{finger1980crystal,
  title={Crystal structure and isothermal compression of Fe2O3, Cr2O3, and V2O3 to 50 kbars},
  author={Finger, Larry W and Hazen, Robert M},
  journal={Journal of Applied Physics},
  volume={51},
  number={10},
  pages={5362--5367},
  year={1980},
  publisher={AIP}
}
@article{coey1971study,
  title={A study of hyperfine interactions in the system (Fe1-xRhx) 2O3 using the Mossbauer effect (Bonding parameters)},
  author={Coey, JMD and Sawatzky, GA},
  journal={Journal of Physics C: Solid State Physics},
  volume={4},
  number={15},
  pages={2386},
  year={1971},
  publisher={IOP Publishing}
}

@article{gilbert2009band,
  title = {Band-gap measurements of bulk and nanoscale hematite by soft x-ray spectroscopy},
  author = {Gilbert, B. and Frandsen, C. and Maxey, E. R. and Sherman, D. M.},
  journal = {Physical Review B},
  volume = {79},
  issue = {3},
  pages = {035108},
  year = {2009},
  month = {Jan},
  publisher = {American Physical Society},
  doi = {10.1103/PhysRevB.79.035108},
}
@article{drager1992high,
  title={High-energy-spectroscopy studies of a charge-transfer insulator: X-ray spectra of $\alpha$-Fe 2 O 3},
  author={Dr{\"a}ger, G and Czolbe, W and Leiro, JA},
  journal={Physical Review B},
  volume={45},
  number={15},
  pages={8283},
  year={1992},
  publisher={APS}
}
% experimental paper showing that hematite is a charge transfer insulator

@article{catti1995theoretical,
  title={Theoretical study of electronic, magnetic, and structural properties of $\alpha$-Fe 2 O 3 (hematite)},
  author={Catti, M and Valerio, G and Dovesi, R},
  journal={Physical Review B},
  volume={51},
  number={12},
  pages={7441},
  year={1995},
  publisher={APS}
}
@article{cava2013effects,
  title={Effects of native defects on the structural and magnetic properties of hematite $\alpha$-Fe 2 O 3},
  author={Cava, Carlos Eduardo and Roman, Lucimara Stolz and Persson, Clas},
  journal={Physical Review B},
  volume={88},
  number={4},
  pages={045136},
  year={2013},
  publisher={APS}
}

@article{mosey2008rotationally,
  title={Rotationally invariant ab initio evaluation of Coulomb and exchange parameters for DFT+ U calculations},
  author={Mosey, Nicholas J and Liao, Peilin and Carter, Emily A},
  journal={The Journal of Chemical Physics},
  volume={129},
  number={1},
  pages={014103},
  year={2008},
  publisher={AIP}
}
% theoretical computation of U parameter

@article{rollmann2004first,
  title = {First-principles calculation of the structure and magnetic phases of hematite},
  author = {Rollmann, G. and Rohrbach, A. and Entel, P. and Hafner, J.},
  journal = {Physical Review B},
  volume = {69},
  issue = {16},
  pages = {165107},
  year = {2004},
  month = {Apr},
  publisher = {American Physical Society},
}

@article{eglitis2014ab,
  title={Ab initio calculations of SrTiO 3, BaTiO 3, PbTiO 3, CaTiO 3, SrZrO 3, PbZrO 3 and BaZrO 3 (001),(011) and (111) surfaces as well as F centers, polarons, KTN solid solutions and Nb impurities therein},
  author={Eglitis, RI},
  journal={International Journal of Modern Physics B},
  volume={28},
  number={17},
  pages={1430009},
  year={2014},
  publisher={World Scientific}
}

@article{kumagai2014electrostatics,
  title = {Electrostatics-based finite-size corrections for first-principles point defect calculations},
  author = {Kumagai, Yu and Oba, Fumiyasu},
  journal = {Physical Review B},
  volume = {89},
  issue = {19},
  pages = {195205},
  numpages = {15},
  year = {2014},
  month = {May},
  publisher = {American Physical Society},
  doi = {10.1103/PhysRevB.89.195205},
}

@article{janotti2014vacancies,
  title={Vacancies and small polarons in SrTiO 3},
  author={Janotti, Anderson and Varley, Joel B and Choi, Minseok and Van de Walle, Chris G},
  journal={Physical Review B},
  volume={90},
  number={8},
  pages={085202},
  year={2014},
  publisher={APS}
}

@article{rosso2003an,
  title={An ab initio model of electron transport in hematite ($\alpha$-Fe 2 O 3) basal planes},
  author={Rosso, Kevin M and Smith, Dayle MA and Dupuis, Michel},
  journal={The Journal of Chemical Physics},
  volume={118},
  number={14},
  pages={6455--6466},
  year={2003},
  publisher={AIP}
}
@book{einstein,
  title={Investigations on the Theory of the Brownian Movement},
  author={Einstein, Albert},
  year={1956},
  publisher={Courier Corporation}
}
@article{ansari2016nitrogen,
  title={Nitrogen-doped titanium dioxide (N-doped TiO 2) for visible light photocatalysis},
  author={Ansari, Sajid Ali and Khan, Mohammad Mansoob and Ansari, Mohd Omaish and Cho, Moo Hwan},
  journal={New Journal of Chemistry},
  volume={40},
  number={4},
  pages={3000--3009},
  year={2016},
  publisher={Royal Society of Chemistry}
}
